@article{deng2012mnist,
  title={The mnist database of handwritten digit images for machine learning research},
  author={Deng, Li},
  journal={IEEE Signal Processing Magazine},
  volume={29},
  number={6},
  pages={141--142},
  year={2012},
  publisher={IEEE}
}

@misc{bloice2019performingarithmeticusingneural,
      title={Performing Arithmetic Using a Neural Network Trained on Digit Permutation Pairs}, 
      author={Marcus D. Bloice and Peter M. Roth and Andreas Holzinger},
      year={2019},
      eprint={1912.03035},
      archivePrefix={arXiv},
      primaryClass={cs.LG},
      url={https://arxiv.org/abs/1912.03035}, 
}

@misc{hoshen2015visuallearningarithmeticoperations,
      title={Visual Learning of Arithmetic Operations}, 
      author={Yedid Hoshen and Shmuel Peleg},
      year={2015},
      eprint={1506.02264},
      archivePrefix={arXiv},
      primaryClass={cs.LG},
      url={https://arxiv.org/abs/1506.02264}, 
}